<?xml version="1.0" encoding="UTF-8"?><collection xmlns="http://www.loc.gov/MARC21/slim"><record><leader>00501nam--2200193-i-4500</leader><controlfield tag="001">000036292</controlfield><controlfield tag="002">20161230</controlfield><controlfield tag="005">20161230201040</controlfield><controlfield tag="008">060222s1000------------r-----000-0-rum-d</controlfield><datafield ind1=" " ind2=" " tag="040"><subfield code="a">IFIN-HH</subfield></datafield><datafield ind1=" " ind2=" " tag="041"><subfield code="a">rum</subfield></datafield><datafield ind1=" " ind2=" " tag="080"><subfield code="a">539.12.001</subfield></datafield><datafield ind1="1" ind2=" " tag="100"><subfield code="a">Novacu, Valeriu</subfield></datafield><datafield ind1="1" ind2="0" tag="245"><subfield code="a">Teoria particulelor elementare</subfield><subfield code="c">Valeriu novacu; toma vescan</subfield></datafield><datafield ind1=" " ind2=" " tag="260"><subfield code="a">Bucuresti</subfield><subfield code="b">Editura Academiei Rsr</subfield><subfield code="c">1970</subfield></datafield><datafield ind1=" " ind2=" " tag="300"><subfield code="a">694P</subfield></datafield><datafield ind1="1" ind2=" " tag="700"><subfield code="a">Vescan, Toma</subfield></datafield><datafield ind1=" " ind2=" " tag="852"><subfield code="a">33521</subfield><subfield code="c">539.12</subfield></datafield><datafield ind1=" " ind2=" " tag="CAT"><subfield code="a">Sys</subfield><subfield code="c">20110504</subfield><subfield code="h">141724</subfield></datafield></record></collection>